<?xml version="1.0" encoding="UTF-8"?><collection xmlns="http://www.loc.gov/MARC21/slim"><record><leader>00445nam--2200157-i-4500</leader><controlfield tag="001">000001043</controlfield><controlfield tag="002">20161230</controlfield><controlfield tag="005">20161230201024</controlfield><controlfield tag="008">060222s1000------------r-----000-0-eng-d</controlfield><datafield ind1=" " ind2=" " tag="080"><subfield code="a">530.145.6</subfield></datafield><datafield ind1=" " ind2=" " tag="100"><subfield code="a">Hermann, Robert</subfield></datafield><datafield ind1=" " ind2=" " tag="245"><subfield code="a">Quantum and fermion differential. geometry</subfield></datafield><datafield ind1=" " ind2=" " tag="260"><subfield code="a">Brookline, Math.Sci. Press, 1977. Viii + 196 P</subfield></datafield><datafield ind1=" " ind2=" " tag="490"><subfield code="a">Interdisciplinary Mathematics</subfield><subfield code="v">vol. XVI</subfield></datafield><datafield ind1=" " ind2=" " tag="852"><subfield code="a">42776</subfield></datafield><datafield ind1=" " ind2=" " tag="CAT"><subfield code="a">Sys</subfield><subfield code="c">20080410</subfield><subfield code="h">111553</subfield></datafield></record></collection>